@ARTICLE{Wild2011,
   author = {{Wild}, V. and {Charlot}, S. and {Brinchmann}, J. and {Heckman}, T. and 
	{Vince}, O. and {Pacifici}, C. and {Chevallard}, J.},
    title = "{Empirical determination of the shape of dust attenuation curves in star-forming galaxies}",
  journal = {\mnras},
archivePrefix = "arXiv",
   eprint = {1106.1646},
 primaryClass = "astro-ph.CO",
 keywords = {dust, extinction, galaxies: fundamental parameters, galaxies: ISM},
     year = 2011,
    month = nov,
   volume = 417,
    pages = {1760-1786},
      doi = {10.1111/j.1365-2966.2011.19367.x},
   adsurl = {http://adsabs.harvard.edu/abs/2011MNRAS.417.1760W},
  adsnote = {Provided by the SAO/NASA Astrophysics Data System}
}

@ARTICLE{Holwerda2013,
   author = {{Holwerda}, B.~W. and {Keel}, W.~C.},
    title = "{The occulting galaxy pair UGC 3995. Dust properties from HST and CALIFA data}",
  journal = {\aap},
archivePrefix = "arXiv",
   eprint = {1305.5358},
 primaryClass = "astro-ph.CO",
 keywords = {techniques: spectroscopic, dust, extinction, galaxies: ISM, galaxies: dwarf, galaxies: individual: UGC 3995, galaxies: structure},
     year = 2013,
    month = aug,
   volume = 556,
      eid = {A42},
    pages = {A42},
      doi = {10.1051/0004-6361/201321455},
   adsurl = {http://adsabs.harvard.edu/abs/2013A%26A...556A..42H},
  adsnote = {Provided by the SAO/NASA Astrophysics Data System}
}

@ARTICLE{Calzetti1994,
   author = {{Calzetti}, D. and {Kinney}, A.~L. and {Storchi-Bergmann}, T.
	},
    title = "{Dust extinction of the stellar continua in starburst galaxies: The ultraviolet and optical extinction law}",
  journal = {\apj},
 keywords = {Astronomical Models, Continuums, Distribution Functions, Interplanetary Dust, Interstellar Extinction, Metallicity, Spectra, Spectral Energy Distribution, Starburst Galaxies, Ultraviolet Spectra, Analytic Functions, Apertures, Average, Calibrating, Derivation, Extraction, Iue, Numerical Analysis, Optimization, Photometry},
     year = 1994,
    month = jul,
   volume = 429,
    pages = {582-601},
      doi = {10.1086/174346},
   adsurl = {http://adsabs.harvard.edu/abs/1994ApJ...429..582C},
  adsnote = {Provided by the SAO/NASA Astrophysics Data System}
}

@ARTICLE{CCM1989,
   author = {{Cardelli}, J.~A. and {Clayton}, G.~C. and {Mathis}, J.~S.},
    title = "{The relationship between infrared, optical, and ultraviolet extinction}",
  journal = {\apj},
 keywords = {Infrared Spectra, Interstellar Extinction, Ultraviolet Spectra, Visible Spectrum, Computational Astrophysics, Interstellar Matter, Iue},
     year = 1989,
    month = oct,
   volume = 345,
    pages = {245-256},
      doi = {10.1086/167900},
   adsurl = {http://adsabs.harvard.edu/abs/1989ApJ...345..245C},
  adsnote = {Provided by the SAO/NASA Astrophysics Data System}
}

@ARTICLE{Vazdekis2010,
   author = {{Vazdekis}, A. and {S{\'a}nchez-Bl{\'a}zquez}, P. and {Falc{\'o}n-Barroso}, J. and 
	{Cenarro}, A.~J. and {Beasley}, M.~A. and {Cardiel}, N. and 
	{Gorgas}, J. and {Peletier}, R.~F.},
    title = "{Evolutionary stellar population synthesis with MILES - I. The base models and a new line index system}",
  journal = {\mnras},
archivePrefix = "arXiv",
   eprint = {1004.4439},
 primaryClass = "astro-ph.CO",
 keywords = {globular clusters: general, galaxies: abundances, galaxies: elliptical and lenticular, cD, galaxies: stellar content},
     year = 2010,
    month = jun,
   volume = 404,
    pages = {1639-1671},
      doi = {10.1111/j.1365-2966.2010.16407.x},
   adsurl = {http://adsabs.harvard.edu/abs/2010MNRAS.404.1639V},
  adsnote = {Provided by the SAO/NASA Astrophysics Data System}
}

@ARTICLE{GonzalezDelgado2005,
   author = {{Gonz{\'a}lez Delgado}, R.~M. and {Cervi{\~n}o}, M. and {Martins}, L.~P. and 
	{Leitherer}, C. and {Hauschildt}, P.~H.},
    title = "{Evolutionary stellar population synthesis at high spectral resolution: optical wavelengths}",
  journal = {\mnras},
   eprint = {astro-ph/0501204},
 keywords = {stars: evolution, galaxies: evolution, galaxies: stellar content},
     year = 2005,
    month = mar,
   volume = 357,
    pages = {945-960},
      doi = {10.1111/j.1365-2966.2005.08692.x},
   adsurl = {http://adsabs.harvard.edu/abs/2005MNRAS.357..945G},
  adsnote = {Provided by the SAO/NASA Astrophysics Data System}
}
